@book{ert,
 author = {Ertel, Wolfgang},
 title = {Introduction to Artificial Intelligence},
 year = {2011},
 isbn = {9780857292988},
 edition = {1st},
 publisher = {Springer Publishing Company, Incorporated}
} 

@book{bar,
 author = {Barber, David},
 title = {Bayesian Reasoning and Machine Learning},
 year = {2012},
 isbn = {0521518148, 9780521518147},
 publisher = {Cambridge University Press},
 address = {New York, NY, USA}
} 

@inproceedings{bi,
  author = {Laurie Beaver},
  title = {THE SMARTWATCH REPORT: Forecasts, adoption trends, and why the market isn't living up to the hype},
  booktitle = {Busines Insider},
  url = {http://tinyurl.com/zc7qusu}
} 

@inproceedings{liu,
 author = {Liu, Xiangyu and Zhou, Zhe and Diao, Wenrui and Li, Zhou and Zhang, Kehuan},
 title = {When Good Becomes Evil: Keystroke Inference with Smartwatch},
 booktitle = {Proceedings of the 22Nd ACM SIGSAC Conference on Computer and Communications Security},
 series = {CCS '15},
 year = {2015},
 isbn = {978-1-4503-3832-5},
 location = {Denver, Colorado, USA},
 pages = {1273--1285},
 numpages = {13},
 url = {http://doi.acm.org/10.1145/2810103.2813668},
 doi = {10.1145/2810103.2813668},
 acmid = {2813668},
 publisher = {ACM},
 address = {New York, NY, USA},
 keywords = {keystroke inference, side-channel attacks, smartwatch}
} 

@inproceedings{maiti,
 author = {Maiti, Anindya and Armbruster, Oscar and Jadliwala, Murtuza and He, Jibo},
 title = {Smartwatch-Based Keystroke Inference Attacks and Context-Aware Protection Mechanisms},
 booktitle = {Proceedings of the 11th ACM on Asia Conference on Computer and Communications Security},
 series = {ASIA CCS '16},
 year = {2016},
 isbn = {978-1-4503-4233-9},
 location = {Xi'an, China},
 pages = {795--806},
 numpages = {12},
 url = {http://doi.acm.org/10.1145/2897845.2897905},
 doi = {10.1145/2897845.2897905},
 acmid = {2897905},
 publisher = {ACM},
 address = {New York, NY, USA},
 keywords = {keystroke, privacy, sensor, smartwatch, wearable}
}

@online{john,
  author = {John Fetto},
  title = {{Simmons Connect} Experian Marketing Services},
  year = 2013,
  url = {http://tinyurl.com/experiansmartphones},
  urldate = {2017-03-13}
}

@online{pw,
  author = {Keeper},
  title = {The Most Common Passwords of 2016},
  year = 2017,
  url = {http://tinyurl.com/kbhbr2n},
  urldate = {2017-04-17}
}

@article{zhu,
 author = {Zhuang, Li and Zhou, Feng and Tygar, J. D.},
 title = {Keyboard Acoustic Emanations Revisited},
 journal = {ACM Trans. Inf. Syst. Secur.},
 issue_date = {October 2009},
 volume = {13},
 number = {1},
 month = nov,
 year = {2009},
 issn = {1094-9224},
 pages = {3:1--3:26},
 articleno = {3},
 numpages = {26},
 url = {http://doi.acm.org/10.1145/1609956.1609959},
 doi = {10.1145/1609956.1609959},
 acmid = {1609959},
 publisher = {ACM},
 address = {New York, NY, USA},
 keywords = {Computer security, HMM, acoustic manations, cepstrum, electronic eavesdropping, hidden markov models, human factors, keyboards, learning theory, privacy, signal analysis}
}

@inproceedings{berger,
 author = {Berger, Yigael and Wool, Avishai and Yeredor, Arie},
 title = {Dictionary Attacks Using Keyboard Acoustic Emanations},
 booktitle = {Proceedings of the 13th ACM Conference on Computer and Communications Security},
 series = {CCS '06},
 year = {2006},
 isbn = {1-59593-518-5},
 location = {Alexandria, Virginia, USA},
 pages = {245--254},
 numpages = {10},
 url = {http://doi.acm.org/10.1145/1180405.1180436},
 doi = {10.1145/1180405.1180436},
 acmid = {1180436},
 publisher = {ACM},
 address = {New York, NY, USA},
 keywords = {dictionary attacks, keyboard acoustics, password cracking}
} 

@inproceedings{mole,
 author = {Wang, He and Lai, Ted Tsung-Te and Roy Choudhury, Romit},
 title = {MoLe: Motion Leaks Through Smartwatch Sensors},
 booktitle = {Proceedings of the 21st Annual International Conference on Mobile Computing and Networking},
 series = {MobiCom '15},
 year = {2015},
 isbn = {978-1-4503-3619-2},
 location = {Paris, France},
 pages = {155--166},
 numpages = {12},
 url = {http://doi.acm.org/10.1145/2789168.2790121},
 doi = {10.1145/2789168.2790121},
 acmid = {2790121},
 publisher = {ACM},
 address = {New York, NY, USA},
 keywords = {Bayesian inference, accelerometer, gesture, gyroscope, malware, motion leaks, security, side-channel attacks, smartwatch}
} 

@inproceedings{ali,
 author = {Ali, Kamran and Liu, Alex X. and Wang, Wei and Shahzad, Muhammad},
 title = {Keystroke Recognition Using WiFi Signals},
 booktitle = {Proceedings of the 21st Annual International Conference on Mobile Computing and Networking},
 series = {MobiCom '15},
 year = {2015},
 isbn = {978-1-4503-3619-2},
 location = {Paris, France},
 pages = {90--102},
 numpages = {13},
 url = {http://doi.acm.org/10.1145/2789168.2790109},
 doi = {10.1145/2789168.2790109},
 acmid = {2790109},
 publisher = {ACM},
 address = {New York, NY, USA},
 keywords = {channel state information, cots wifi devices, gesture recognition, keystroke recovery, wireless security}
} 

@inproceedings{balz,
 author = {Balzarotti, Davide and Cova, Marco and Vigna, Giovanni},
 title = {ClearShot: Eavesdropping on Keyboard Input from Video},
 booktitle = {Proceedings of the 2008 IEEE Symposium on Security and Privacy},
 series = {SP '08},
 year = {2008},
 isbn = {978-0-7695-3168-7},
 pages = {170--183},
 numpages = {14},
 url = {http://dx.doi.org/10.1109/SP.2008.28},
 doi = {10.1109/SP.2008.28},
 acmid = {1398068},
 publisher = {IEEE Computer Society},
 address = {Washington, DC, USA}
} 

@inproceedings{das,
 author = {Das, Aveek K. and Pathak, Parth H. and Chuah, Chen-Nee and Mohapatra, Prasant},
 title = {Uncovering Privacy Leakage in BLE Network Traffic of Wearable Fitness Trackers},
 booktitle = {Proceedings of the 17th International Workshop on Mobile Computing Systems and Applications},
 series = {HotMobile '16},
 year = {2016},
 isbn = {978-1-4503-4145-5},
 location = {St. Augustine, Florida, USA},
 pages = {99--104},
 numpages = {6},
 url = {http://doi.acm.org/10.1145/2873587.2873594},
 doi = {10.1145/2873587.2873594},
 acmid = {2873594},
 publisher = {ACM},
 address = {New York, NY, USA},
 keywords = {bluetooth low energy, fitness trackers, privacy, wearables}
} 

@inproceedings{aso,
  author = {Asonov, Dimitri and Agrawal, Rakesh},
  title = {Keyboard Acoustic Emanations},
  series = {Proceedings of the IEEE Symposium on Security and Privacy},
  year = {2004},
  pages = {3--11}
}

@inproceedings{mar,
 author = {Marquardt, Philip and Verma, Arunabh and Carter, Henry and Traynor, Patrick},
 title = {(Sp)iPhone: Decoding Vibrations from Nearby Keyboards Using Mobile Phone Accelerometers},
 booktitle = {Proceedings of the 18th ACM Conference on Computer and Communications Security},
 series = {CCS '11},
 year = {2011},
 isbn = {978-1-4503-0948-6},
 location = {Chicago, Illinois, USA},
 pages = {551--562},
 numpages = {12},
 url = {http://doi.acm.org/10.1145/2046707.2046771},
 doi = {10.1145/2046707.2046771},
 acmid = {2046771},
 publisher = {ACM},
 address = {New York, NY, USA},
 keywords = {accelerometer, information leakage, mobile phones}
} 

@inproceedings{corn,
 author = {CornCob},
 title = {The corncob list.},
 url = {http://www.mieliestronk.com/wordlist.html}
} 

@inproceedings{harit,
  author = {IEEE Transactions on Audio and Electroacoustics },
  title = {Recommended Practices for Speech Quality Measurements},
  year = {1969},
  url = {http://ieeexplore.ieee.org/stamp/stamp.jsp?tp=&arnumber=7405210&tag=1}
} 

@misc{har,
    author = {IEEE},
    title = {{Recommended Practices for Speech Quality Measurements}},
    url = {http://ieeexplore.ieee.org/stamp/stamp.jsp?tp=&arnumber=7405210&tag=1},
    year = {1969}
}





 
